<?xml version="1.0" encoding="UTF-8"?><collection xmlns="http://www.loc.gov/MARC21/slim"><record><leader>00576nam--2200217-u-4500</leader><controlfield tag="001">000052083</controlfield><controlfield tag="002">20161230</controlfield><controlfield tag="005">20161230201049</controlfield><controlfield tag="008">090622s1000------------r-----000-0-eng-d</controlfield><datafield ind1=" " ind2=" " tag="040"><subfield code="a">IFIN-HH</subfield></datafield><datafield ind1=" " ind2=" " tag="080"><subfield code="a">514.23</subfield></datafield><datafield ind1="1" ind2=" " tag="100"><subfield code="a">Osserman,R.(ed.)</subfield></datafield><datafield ind1="1" ind2=" " tag="245"><subfield code="a">Geometry V. Minimal Surfaces</subfield></datafield><datafield ind1=" " ind2=" " tag="260"><subfield code="a">Berlin</subfield><subfield code="b">Springer</subfield><subfield code="c">1997</subfield></datafield><datafield ind1=" " ind2=" " tag="300"><subfield code="a">272 p</subfield></datafield><datafield ind1=" " ind2=" " tag="490"><subfield code="a">Enciclopedia of Mathematical Sciences</subfield><subfield code="v">vol.90</subfield></datafield><datafield ind1=" " ind2=" " tag="504"><subfield code="a">Includes Bibliographical References and Index</subfield></datafield><datafield ind1=" " ind2="4" tag="650"><subfield code="a">Geometry</subfield></datafield><datafield ind1="1" ind2=" " tag="700"><subfield code="a">Osserman,R</subfield></datafield><datafield ind1=" " ind2=" " tag="852"><subfield code="a">81461</subfield><subfield code="c">513</subfield></datafield><datafield ind1=" " ind2=" " tag="CAT"><subfield code="a">Sys</subfield><subfield code="c">20090622</subfield><subfield code="h">072501</subfield></datafield></record></collection>